<?xml version="1.0" encoding="UTF-8"?><collection xmlns="http://www.loc.gov/MARC21/slim"><record><leader>00427nam--2200133-i-4500</leader><controlfield tag="001">000020340</controlfield><controlfield tag="002">20161230</controlfield><controlfield tag="005">20161230201033</controlfield><controlfield tag="008">060222s1000------------r-----000-0-eng-d</controlfield><datafield ind1=" " ind2=" " tag="080"><subfield code="a">658.26</subfield></datafield><datafield ind1=" " ind2=" " tag="245"><subfield code="a">Energy economics and management in industry.proceedings of the european, congress, algarva portugal, 2-5 april 1984. energy economics</subfield></datafield><datafield ind1=" " ind2=" " tag="260"><subfield code="a">Oxford, Pergamon Press, 1984. Xix  + 301 P</subfield></datafield><datafield ind1=" " ind2=" " tag="700"><subfield code="a">Reis, A</subfield></datafield><datafield ind1=" " ind2=" " tag="852"><subfield code="a">73558</subfield></datafield></record></collection>